@article{Yao:1982,
 title = {Protocols for Secure Computations},
 year = {1982},
 author = {Yao, Andrew C.},
} 

@article{stinson-crypto-book,
    title   = "{Cryptography Theory and Practice}",
    year    = "2006",
    author  = "Douglas Stinson"
}

@article{mpc-book,
    title   = "{Secure Multiparty Computation and Secret Sharing}",
    year    = "2015",
    author  = "Ronald Cramer and Ivan Bjerre Damgård and Jesper Buus Nielsen"
}


@article{commitment,
    title   = "{Commitment Schemes and Zero-Knowledge Protocols}",
    year    = "2017",
    author  = "Ivan Bjerre Damgård and Jesper Buus Nielsen"
}

@article{algebra,
    title   = "{Concrete Abstract Algebra}",
    year    = "2002",
    author  = "Niels Lauritzen"
}
